
<marc:record><marc:leader>01443nam a2200373Ii 4500</marc:leader>
<marc:controlfield tag="001">ocn956952091</marc:controlfield>
<marc:controlfield tag="003">OCoLC</marc:controlfield><marc:controlfield tag="005">20160818121137.0</marc:controlfield><marc:controlfield tag="006">m     o  d        </marc:controlfield><marc:controlfield tag="007">cr            </marc:controlfield><marc:controlfield tag="008">160818s1997    mau     ob    000 0 eng d</marc:controlfield><marc:datafield tag="035" ind1=" " ind2=" "><marc:subfield code="a">(OCoLC)956952091</marc:subfield></marc:datafield><marc:datafield tag="040" ind1=" " ind2=" "><marc:subfield code="a">TFW</marc:subfield><marc:subfield code="b">eng</marc:subfield><marc:subfield code="e">rda</marc:subfield><marc:subfield code="c">TFW</marc:subfield></marc:datafield><marc:datafield tag="049" ind1=" " ind2=" "><marc:subfield code="a">TFWW</marc:subfield></marc:datafield><marc:datafield tag="050" ind1=" " ind2="4"><marc:subfield code="a">RA784</marc:subfield><marc:subfield code="b">.J4 1997</marc:subfield></marc:datafield><marc:datafield tag="245" ind1="0" ind2="0"><marc:subfield code="a">Jean Mayer :</marc:subfield><marc:subfield code="b">a bibliography, 1948-1993 /</marc:subfield><marc:subfield code="c">cumulation edited by Margaret Gooch.</marc:subfield></marc:datafield><marc:datafield tag="264" ind1=" " ind2="1"><marc:subfield code="a">Medford, Mass. :</marc:subfield><marc:subfield code="b">Reference Services Department, Tisch Library, Tufts University,</marc:subfield><marc:subfield code="c">[1997]</marc:subfield></marc:datafield><marc:datafield tag="300" ind1=" " ind2=" "><marc:subfield code="a">1 online resource (75 leaves)</marc:subfield></marc:datafield><marc:datafield tag="336" ind1=" " ind2=" "><marc:subfield code="a">text</marc:subfield><marc:subfield code="b">txt</marc:subfield><marc:subfield code="2">rdacontent</marc:subfield></marc:datafield><marc:datafield tag="337" ind1=" " ind2=" "><marc:subfield code="a">computer</marc:subfield><marc:subfield code="b">c</marc:subfield><marc:subfield code="2">rdamedia</marc:subfield></marc:datafield><marc:datafield tag="338" ind1=" " ind2=" "><marc:subfield code="a">online resource</marc:subfield><marc:subfield code="b">cr</marc:subfield><marc:subfield code="2">rdacarrier</marc:subfield></marc:datafield><marc:datafield tag="500" ind1=" " ind2=" "><marc:subfield code="a">&quot;September 1997.&quot;</marc:subfield></marc:datafield><marc:datafield tag="500" ind1=" " ind2=" "><marc:subfield code="a">&quot;A revision, continuation and cumulation of the original bibliography and supplements compiled by Jean Butt and David Heisser.&quot;</marc:subfield></marc:datafield><marc:datafield tag="588" ind1="0" ind2=" "><marc:subfield code="a">Print version record.</marc:subfield></marc:datafield><marc:datafield tag="600" ind1="1" ind2="0"><marc:subfield code="a">Mayer, Jean,</marc:subfield><marc:subfield code="d">1920-1993</marc:subfield><marc:subfield code="v">Bibliography.</marc:subfield></marc:datafield><marc:datafield tag="650" ind1=" " ind2="0"><marc:subfield code="a">Nutrition</marc:subfield><marc:subfield code="v">Bibliography.</marc:subfield></marc:datafield><marc:datafield tag="655" ind1=" " ind2="7"><marc:subfield code="a">Electronic books.</marc:subfield><marc:subfield code="2">lcgft</marc:subfield></marc:datafield><marc:datafield tag="700" ind1="1" ind2=" "><marc:subfield code="a">Gooch, Margaret.</marc:subfield></marc:datafield><marc:datafield tag="776" ind1="0" ind2="8"><marc:subfield code="i">Print version:</marc:subfield><marc:subfield code="t">Jean Mayer.</marc:subfield><marc:subfield code="d">Medford, Mass. : Reference Services Department, Tisch Library, Tufts University, 1997</marc:subfield><marc:subfield code="w">(OCoLC)811400647</marc:subfield></marc:datafield><marc:datafield tag="907" ind1=" " ind2=" "><marc:subfield code="a">.b30040152</marc:subfield><marc:subfield code="b">08-18-16</marc:subfield><marc:subfield code="c">08-18-16</marc:subfield></marc:datafield><marc:datafield tag="998" ind1=" " ind2=" "><marc:subfield code="a">u</marc:subfield><marc:subfield code="b">08-18-16</marc:subfield><marc:subfield code="c">m</marc:subfield><marc:subfield code="d">@</marc:subfield><marc:subfield code="e">-</marc:subfield><marc:subfield code="f">eng</marc:subfield><marc:subfield code="g">mau</marc:subfield><marc:subfield code="h">0</marc:subfield><marc:subfield code="i">1</marc:subfield></marc:datafield><marc:datafield tag="910" ind1=" " ind2=" "><marc:subfield code="a">73 08/2016</marc:subfield></marc:datafield><marc:datafield tag="910" ind1=" " ind2=" "><marc:subfield code="a">Tisch In-House Digitization 2016-01-22</marc:subfield></marc:datafield><marc:datafield tag="994" ind1=" " ind2=" "><marc:subfield code="a">C0</marc:subfield><marc:subfield code="b">TFW</marc:subfield></marc:datafield></marc:record>